<record><leader>00000cas a22000007a 4500</leader><controlfield tag="001">19995976</controlfield><controlfield tag="008">890712d19041941mouwr ne      0    0eng d</controlfield><datafield ind1=" " ind2=" " tag="010"><subfield code="a">sn 89066691 </subfield></datafield><datafield ind1=" " ind2=" " tag="040"><subfield code="a">MQN</subfield><subfield code="b">eng</subfield><subfield code="c">MQN</subfield><subfield code="d">OCLCQ</subfield></datafield><datafield ind1=" " ind2=" " tag="042"><subfield code="a">msc</subfield></datafield><datafield ind1="0" ind2="4" tag="245"><subfield code="a">The Arcadia Valley enterprise.</subfield></datafield><datafield ind1="3" ind2="0" tag="246"><subfield code="a">Arcadia Valley weekly enterprise</subfield></datafield><datafield ind1="3" ind2="0" tag="246"><subfield code="a">Enterprise kronicle</subfield></datafield><datafield ind1="3" ind2="0" tag="246"><subfield code="a">Arcadia Valley enterprise-kronicle</subfield></datafield><datafield ind1=" " ind2=" " tag="260"><subfield code="a">Ironton, Mo. :</subfield><subfield code="b">H.A. Gibbs</subfield></datafield><datafield ind1=" " ind2=" " tag="300"><subfield code="a">v.</subfield></datafield><datafield ind1=" " ind2=" " tag="310"><subfield code="a">Weekly</subfield></datafield><datafield ind1="1" ind2=" " tag="362"><subfield code="a">Began in 1904?</subfield></datafield><datafield ind1="0" ind2=" " tag="362"><subfield code="a">-v. 38, no. 60 (Aug. 8, 1941).</subfield></datafield><datafield ind1=" " ind2=" " tag="500"><subfield code="a">Published as: Arcadia Valley weekly enterprise, &lt;Dec. 31, 1908&gt;-Feb. 25, 1909; Enterprise kronicle, Mar. 4-June 10, 1909; Arcadia Valley enterprise-kronicle, June 17-&lt;Aug. 26&gt; 1909.</subfield></datafield><datafield ind1=" " ind2=" " tag="588"><subfield code="a">Description based on: Vol. 2, no. 37 (May 10, 1906).</subfield></datafield><datafield ind1=" " ind2="4" tag="651"><subfield code="a">Ironton (Mo.)</subfield><subfield code="v">Newspapers.</subfield></datafield><datafield ind1=" " ind2=" " tag="752"><subfield code="a">United States</subfield><subfield code="b">Missouri</subfield><subfield code="c">Iron</subfield><subfield code="d">Ironton.</subfield></datafield><datafield ind1="0" ind2="5" tag="780"><subfield code="t">Arcadia kronicle</subfield></datafield><datafield ind1="0" ind2="4" tag="785"><subfield code="t">Mountain echo (Annapolis, Mo.)</subfield><subfield code="w">(DLC)sn 88068127</subfield></datafield></record>